2178 3165
190 163 246 199 iiiiii
436 150 744 203 PRAEFATIO.

201 240 251 272 nem
268 220 395 278 excrevisse,
411 237 435 271 m
453 224 544 287 aliquam
563 218 669 285 scriptioni
688 224 726 274 sua
745 225 867 276 conciliaret
893 226 972 284 fidem}

194 294 293 345 sabulum
314 298 370 344 illam
385 310 516 343 commentus
530 296 557 341 est
573 296 600 343 de
620 296 702 345 duobus
719 302 886 350 Commentariis
902 304 974 350 auita

203 372 255 426 thii,
273 375 294 417 δι
309 368 389 418 Eusebit'
403 382 452 414 cum
470 367 594 414 Philoniano
612 373 751 430 commixtis,
769 378 822 423 &in
840 391 905 425 urium
922 390 974 423 con«

203 447 271 492 fiatis.
505 475 507 478 -
580 477 581 480 =

71 553 98 589 ue
110 552 190 590 commen-
277 517 311 560 De
320 513 389 560 Gracci
400 513 553 560 commentarii
564 525 640 568 aetate,
653 510 693 562 site
704 513 764 560 illuni
776 519 835 566 Philo
846 518 971 585 Carpasius,

42 602 191 651 rarrtataitsaettu
205 588 245 637 sue
253 585 379 648 Carpathius
388 582 534 648 conscripserit,
545 584 636 636 dubitari
646 604 688 636 uon
696 579 762 649 potest
772 585 827 636 fuisse
838 582 976 655 compostum

40 651 60 685 ‘s
67 650 105 697 affl·
195 658 255 710 ¹anie
269 656 372 706 Cosmam
383 659 513 721 AEgyptium
523 692 530 716 ,
539 663 576 723 qui
587 695 594 717 ,
614 677 637 710 ut
649 657 707 724 supra
715 661 793 710 dietum
803 662 842 717 est,
851 678 878 722 eit
888 664 977 712 Philone

208 737 247 783 tria
263 733 333 801 attulit
350 732 397 778 loca
415 735 437 778 iii
447 727 635 797 suaTopogtaphia
645 736 772 783 Christiana.
792 734 890 798 Scripsisse
905 748 976 783 autem

211 805 314 854 Cosmam
334 803 392 853 suurn
412 819 464 867 opus
481 819 630 858 aimoioxrrtv
650 810 723 869 probat
747 808 937 866 hlontsauconiuss
955 811 980 863 l·

207 882 256 941 ,Qi
275 879 356 926 Philoni
385 877 483 941 Carpafio
504 879 690 929 commentarium
710 883 765 929 hunc
781 882 914 930 tribuendum
936 882 981 927 exi-

212 955 355 1007 stimaverint,
374 954 389 1000 ii
400 949 495 1001 censeant
505 966 596 1013 oportet,
616 950 767 1015 scriptum-csse
781 956 814 1003 uel
833 956 937 1003 desinente
953 950 982 998 se·

212 1026 261 1073 culo
277 1039 368 1088 quarto,
387 1024 422 1072 uel
440 1027 525 1074 ineunte
537 1029 625 1089 quinto.
645 1030 672 1073 Et
688 1027 782 1076 Oudinus
801 1028 880 1076 idcirco
895 1030 921 1075 de
934 1026 983 1071 Phi-

208 1097 262 1144 sone
275 1094 374 1156 Carpaso
390 1093 472 1157 ejusque
485 1096 557 1157 scripto
574 1102 595 1144 iii
611 1098 726 1145 Canticum
740 1101 879 1147 Canticoium
896 1099 995 1145 mentm

213 1184 263 1216 neni
273 1164 360 1215 facitid
370 1182 447 1215 anuum
458 1162 535 1216 Christi
545 1168 769 1233 quadringentesimum
781 1203 786 1214 ·
805 1167 902 1231 Ejusdem
914 1169 984 1214 Com·
1031 1228 1033 1231 .

214 1243 311 1289 mentarii
327 1244 374 1303 quis
391 1255 438 1289 usus
453 1238 491 1287 csse
507 1242 564 1302 possit
580 1241 607 1288 ad
623 1242 765 1290 confirmanda
787 1245 882 1306 quadam
903 1230 986 1288 Catho-

214 1314 260 1361 sicae
279 1313 328 1361 sidei
344 1313 443 1378 dogmata
453 1346 460 1369 ,
470 1313 580 1380 docetCl.
592 1317 704 1379 Foggiuius
722 1319 744 1363 iti
754 1314 813 1362 Pras.
824 1316 850 1362 ad
860 1317 985 1363 Comment.

215 1388 291 1449 Epiph.
305 1403 370 1450 pao.
389 1383 503 1449 &sequen
521 1385 560 1433 ubi
582 1390 646 1435 multa
660 1388 737 1442 docte,
753 1388 867 1436 &erudite
884 1382 986 1447 disputat,

216 1475 262 1522 quoe
280 1463 317 1525 qui
332 1460 424 1523 legerit,
443 1475 468 1505 ea
484 1455 503 1504 se
518 1456 586 1522 legisse
600 1476 642 1507 non
662 1461 783 1523 poenitebit.

50 1560 148 1612 ΝΜ
156 1561 202 1597 cim·
258 1533 290 1577 V.
322 1534 422 1595 Denique
431 1535 452 1580 iii
462 1533 503 1578 hoc
513 1534 587 1588 Graeco
596 1534 688 1581 Philonis
698 1534 861 1581 Commentario
872 1528 988 1594 evulgando

51 1615 132 1647 inritatio
152 1611 201 1648 eorl-
218 1606 269 1669 quid
285 1621 353 1667 operae
368 1602 409 1668 ipse
428 1604 566 1667 impenderim
583 1609 654 1668 paucis
668 1607 776 1667 expediam
793 1638 799 1650 .
823 1606 918 1652 Codices
937 1603 989 1648 duos

50 1660 201 1710 sand⁰³¹⁶²⁰⁷p⁷s²
217 1678 352 1726 Barbetiuum
365 1682 387 1724 &
402 1677 574 1732 Vallicellanum,
591 1694 681 1741 quorum
697 1680 732 1724 ille
743 1683 764 1725 in
780 1678 838 1728 sinc,
852 1677 887 1722 hic
903 1680 924 1721 in
936 1676 990 1734 prin-

47 1709 120 1756 ΜΨ·
217 1753 274 1813 cipio
290 1755 311 1797 ὃς
327 1749 369 1796 line
382 1750 466 1794 mutilus
481 1750 531 1802 est,
546 1746 740 1809 inspexi,&„cum
757 1750 781 1809 iis
799 1763 871 1795 meum
882 1746 990 1793 Codiceiii
1032 1797 1034 1801 Α

209 1839 284 1886 ηιηω
299 1820 453 1881 diligentissime
466 1821 561 1864 contuli.
582 1824 629 1861 Hos
648 1819 704 1863 enim
720 1821 805 1862 tractare
825 1832 873 1863 meo
901 1816 953 1861 mihi
969 1816 992 1861 p.

221 1898 265 1942 cuit
280 1893 393 1942 arbitratu:
411 1900 493 1935 ceteros
509 1902 550 1934 non
574 1890 647 1943 irem,
667 1884 824 1943 Mutinensem,
847 1889 993 1942 Theotmum,

213 1968 383 2016 ,Auximanumt
403 1958 436 2018 sed
453 1957 576 2023 quibusdam
596 1963 619 2006 iti
630 1961 699 2014 locis,
714 1963 735 2007 iu
750 1962 825 2024 quibus
837 1960 940 2007 haerebam
950 1992 957 2013 ,
967 1958 993 2005 ab

224 2039 296 2086 amicis
320 2038 440 2082 Graecarum
466 2035 591 2079 Litterarum
607 2036 676 2094 peritis
696 2033 830 2095 inspiciendos
845 2035 932 2081 curavi.
947 2037 993 2078 Hos

224 2126 295 2160 autern
308 2123 381 2157 omnes
396 2104 433 2151 esse
451 2107 544 2166 comperi
565 2108 626 2152 nimis
641 2106 712 2152 multis
736 2105 839 2153 erroribus
862 2101 992 2152 maculososs

223 2184 300 2248 quibus
317 2177 396 2227 sortasse
410 2181 508 2226 Veterem
518 2175 583 2240 ipsum
594 2180 742 2241 interpretem,
758 2184 779 2226 &
794 2180 920 2241 Stephanum
934 2177 993 2223 silua

223 2272 291 2305 tatum
307 2250 393 2315 suspicor
413 2267 455 2299 nori
472 2246 561 2298 hahuisse
576 2251 687 2298 meliores.
702 2256 727 2300 Iu
743 2251 929 2305 adnotationibus,
950 2249 992 2295 mci

216 2330 325 2383 -Codicr's,
342 2328 379 2390 qui
395 2325 488 2387 plurimis
500 2326 521 2369 iu
534 2323 586 2370 locis
605 2324 632 2371 esl
641 2324 780 2387 depravatus,
795 2340 892 2378 errores,
912 2321 994 2368 adhibi-

223 2402 250 2449 tis
268 2417 321 2465 quos
337 2401 382 2449 dr'xi
399 2395 528 2452 codicibus,
546 2397 674 2452 emendavi,
689 2403 710 2443 ἃ
727 2399 764 2444 ubi
779 2399 851 2444 locuni
865 2396 958 2457 aliquem
973 2395 994 2439 iii
1022 2439 1023 2442 ,

225 2475 323 2521 omnibus
343 2470 461 2519 Codicibus
475 2484 596 2531 corruptum
620 2469 758 2531 deprehendi,
777 2470 892 2527 comestura
918 2467 993 2513 illum)

217 2545 330 2596 ,restituere
346 2543 426 2590 sludui·
444 2543 575 2595 Philonianas
594 2543 650 2589 Sacri
671 2541 751 2589 Textus
766 2543 875 2606 Leslioiies
889 2555 938 2586 cum
951 2541 995 2585 Va·

227 2621 300 2665 titanae
312 2616 410 2664 editionis
434 2613 572 2672 leuioribus,
596 2612 682 2679 aliisque
711 2615 836 2662 variantibus
851 2631 863 2661 a
881 2613 994 2661 Lainberto

160 2730 161 2734 ,
228 2689 289 2739 Bofio
302 2693 324 2738 in
336 2687 369 2737 sua
381 2687 472 2739 editione
489 2690 571 2741 Veteris
586 2690 712 2740 Testamenti
729 2689 797 2741 Graeci
810 2677 904 2740 adductis
916 2722 923 2747 ,
933 2699 995 2736 occu·

955 2768 997 2805 rate

250 2859 277 2906 (ι)
292 2856 342 2897 eiaef.
353 2857 376 2895 ad
383 2857 441 2897 Cosiri.
449 2860 518 2906 AEgypt.
526 2867 581 2906 capa.
